@misc{ticketmaster_wikipedia,
    author = {Wikipedia},
    title = {Ticketmaster},
    howpublished = "\url{https://en.wikipedia.org/wiki/Ticketmaster}",
    year = {2025-02-28},
    note = "Last accessed 2025-03-04",
}
@misc{introducing_safetix,
    author = {ticketmaster},
    title = {Introducing SafeTix, Ticketmasterâ€™s Next-Gen Encrypted Tickets},
    howpublished = "\url{https://blog.ticketmaster.com/introducing-safetix-ticketmasters-next-gen-encrypted-tickets/}",
    year = {2019-05-22},
    note = "Last accessed 2025-03-04",
}
@misc{ticketmaster_safetix_faq,
    author = {ticketmaster},
    title = {Mobile Tickets},
    howpublished = "\url{https://www.ticketmaster.com/mobile-tickets}",
    note = "Last accessed 2025-03-04",
}
@misc{ticketmaster_mobile_ticketing,
    author = {ticketmaster},
    title = {Mobile Ticketing: An Essential for Safe Entry},
    howpublished = "\url{https://blog.ticketmaster.com/mobile-ticketing-an-essential-for-safe-entry/}",
    year = {2021-01-13},
    note = "Last accessed 2025-03-04",
}
@misc{nba_safetix_faq,
    author = {NBA},
    title = {Managing Mobile Tickets},
    howpublished = "\url{https://www.nba.com/hawks/managetickets}",
    note = "Last accessed 2025-03-04",
}
@misc{reverse_engineering_ticketmaster,
    author = {Conduition},
    title = {Reverse Engineering TicketMaster's Rotating Barcodes (SafeTix)},
    howpublished = "\url{https://conduition.io/coding/ticketmaster/}",
    year = {2024-02-04},
    note = "Last accessed 2025-03-04",
}
@misc{conduition,
    author = {Conduition},
    title = {Conduition - My Work},
    howpublished = "\url{https://conduition.io}",
    note = "Last accessed 2025-03-06",
}
